%YAML 1.1
%TAG !u! tag:unity3d.com,2011:
--- !u!1 &2628526129437163785
GameObject:
  m_ObjectHideFlags: 0
  m_CorrespondingSourceObject: {fileID: 0}
  m_PrefabInstance: {fileID: 0}
  m_PrefabAsset: {fileID: 0}
  serializedVersion: 6
  m_Component:
  - component: {fileID: 513742731911391541}
  - component: {fileID: 7376155940321051840}
  - component: {fileID: 2023268559522930737}
  - component: {fileID: 5006108525009957083}
  - component: {fileID: 8278447284305455470}
  - component: {fileID: 79658162774594969}
  m_Layer: 0
  m_Name: Spiked_Ball_Uncurb
  m_TagString: Untagged
  m_Icon: {fileID: 0}
  m_NavMeshLayer: 0
  m_StaticEditorFlags: 0
  m_IsActive: 1
--- !u!4 &513742731911391541
Transform:
  m_ObjectHideFlags: 0
  m_CorrespondingSourceObject: {fileID: 0}
  m_PrefabInstance: {fileID: 0}
  m_PrefabAsset: {fileID: 0}
  m_GameObject: {fileID: 2628526129437163785}
  serializedVersion: 2
  m_LocalRotation: {x: 0, y: 0, z: 0, w: 1}
  m_LocalPosition: {x: 0, y: 0, z: 0}
  m_LocalScale: {x: 1, y: 1, z: 1}
  m_ConstrainProportionsScale: 0
  m_Children:
  - {fileID: 4184939034649438430}
  - {fileID: 2819666827171105166}
  - {fileID: 8462151567802680148}
  - {fileID: 3069682411654728404}
  m_Father: {fileID: 0}
  m_LocalEulerAnglesHint: {x: 0, y: 0, z: 0}
--- !u!212 &7376155940321051840
SpriteRenderer:
  m_ObjectHideFlags: 0
  m_CorrespondingSourceObject: {fileID: 0}
  m_PrefabInstance: {fileID: 0}
  m_PrefabAsset: {fileID: 0}
  m_GameObject: {fileID: 2628526129437163785}
  m_Enabled: 1
  m_CastShadows: 0
  m_ReceiveShadows: 0
  m_DynamicOccludee: 1
  m_StaticShadowCaster: 0
  m_MotionVectors: 1
  m_LightProbeUsage: 1
  m_ReflectionProbeUsage: 1
  m_RayTracingMode: 0
  m_RayTraceProcedural: 0
  m_RenderingLayerMask: 1
  m_RendererPriority: 0
  m_Materials:
  - {fileID: 10754, guid: 0000000000000000f000000000000000, type: 0}
  m_StaticBatchInfo:
    firstSubMesh: 0
    subMeshCount: 0
  m_StaticBatchRoot: {fileID: 0}
  m_ProbeAnchor: {fileID: 0}
  m_LightProbeVolumeOverride: {fileID: 0}
  m_ScaleInLightmap: 1
  m_ReceiveGI: 1
  m_PreserveUVs: 0
  m_IgnoreNormalsForChartDetection: 0
  m_ImportantGI: 0
  m_StitchLightmapSeams: 1
  m_SelectedEditorRenderState: 0
  m_MinimumChartSize: 4
  m_AutoUVMaxDistance: 0.5
  m_AutoUVMaxAngle: 89
  m_LightmapParameters: {fileID: 0}
  m_SortingLayerID: 1123176295
  m_SortingLayer: 2
  m_SortingOrder: 0
  m_Sprite: {fileID: 21300000, guid: 8baedcc19bcfee347a8aef42935eac87, type: 3}
  m_Color: {r: 1, g: 1, b: 1, a: 1}
  m_FlipX: 0
  m_FlipY: 0
  m_DrawMode: 0
  m_Size: {x: 0.5, y: 0.5}
  m_AdaptiveModeThreshold: 0.5
  m_SpriteTileMode: 0
  m_WasSpriteAssigned: 1
  m_MaskInteraction: 0
  m_SpriteSortPoint: 0
--- !u!50 &2023268559522930737
Rigidbody2D:
  serializedVersion: 4
  m_ObjectHideFlags: 0
  m_CorrespondingSourceObject: {fileID: 0}
  m_PrefabInstance: {fileID: 0}
  m_PrefabAsset: {fileID: 0}
  m_GameObject: {fileID: 2628526129437163785}
  m_BodyType: 2
  m_Simulated: 1
  m_UseFullKinematicContacts: 0
  m_UseAutoMass: 0
  m_Mass: 1
  m_LinearDrag: 0
  m_AngularDrag: 0.05
  m_GravityScale: 1
  m_Material: {fileID: 0}
  m_IncludeLayers:
    serializedVersion: 2
    m_Bits: 0
  m_ExcludeLayers:
    serializedVersion: 2
    m_Bits: 0
  m_Interpolate: 0
  m_SleepingMode: 1
  m_CollisionDetection: 0
  m_Constraints: 0
--- !u!232 &5006108525009957083
DistanceJoint2D:
  m_ObjectHideFlags: 0
  m_CorrespondingSourceObject: {fileID: 0}
  m_PrefabInstance: {fileID: 0}
  m_PrefabAsset: {fileID: 0}
  m_GameObject: {fileID: 2628526129437163785}
  m_Enabled: 1
  serializedVersion: 4
  m_EnableCollision: 0
  m_ConnectedRigidBody: {fileID: 1672432348494201273}
  m_BreakForce: Infinity
  m_BreakTorque: Infinity
  m_BreakAction: 3
  m_AutoConfigureConnectedAnchor: 0
  m_Anchor: {x: 0, y: 0}
  m_ConnectedAnchor: {x: 0, y: 0}
  m_AutoConfigureDistance: 1
  m_Distance: 3.69
  m_MaxDistanceOnly: 0
--- !u!233 &8278447284305455470
HingeJoint2D:
  m_ObjectHideFlags: 0
  m_CorrespondingSourceObject: {fileID: 0}
  m_PrefabInstance: {fileID: 0}
  m_PrefabAsset: {fileID: 0}
  m_GameObject: {fileID: 2628526129437163785}
  m_Enabled: 1
  serializedVersion: 4
  m_EnableCollision: 0
  m_ConnectedRigidBody: {fileID: 1150927409688515702}
  m_BreakForce: Infinity
  m_BreakTorque: Infinity
  m_BreakAction: 3
  m_AutoConfigureConnectedAnchor: 1
  m_Anchor: {x: 0, y: 0}
  m_ConnectedAnchor: {x: 0, y: 0.79999995}
  m_UseMotor: 0
  m_Motor:
    m_MotorSpeed: 0
    m_MaximumMotorForce: 10000
  m_UseLimits: 0
  m_AngleLimits:
    m_LowerAngle: 0
    m_UpperAngle: 359
--- !u!114 &79658162774594969
MonoBehaviour:
  m_ObjectHideFlags: 0
  m_CorrespondingSourceObject: {fileID: 0}
  m_PrefabInstance: {fileID: 0}
  m_PrefabAsset: {fileID: 0}
  m_GameObject: {fileID: 2628526129437163785}
  m_Enabled: 1
  m_EditorHideFlags: 0
  m_Script: {fileID: 11500000, guid: d0f9e3d9b5ce95b4998bda57d66e4975, type: 3}
  m_Name: 
  m_EditorClassIdentifier: 
  rb: {fileID: 1672432348494201273}
  pushDirection: {x: -10, y: 0}
--- !u!1 &3705346580096709502
GameObject:
  m_ObjectHideFlags: 0
  m_CorrespondingSourceObject: {fileID: 0}
  m_PrefabInstance: {fileID: 0}
  m_PrefabAsset: {fileID: 0}
  serializedVersion: 6
  m_Component:
  - component: {fileID: 2819666827171105166}
  - component: {fileID: 2608226634050222521}
  - component: {fileID: 2270639946074692451}
  - component: {fileID: 4768356934633557171}
  m_Layer: 0
  m_Name: Chain_1
  m_TagString: Untagged
  m_Icon: {fileID: 0}
  m_NavMeshLayer: 0
  m_StaticEditorFlags: 0
  m_IsActive: 1
--- !u!4 &2819666827171105166
Transform:
  m_ObjectHideFlags: 0
  m_CorrespondingSourceObject: {fileID: 0}
  m_PrefabInstance: {fileID: 0}
  m_PrefabAsset: {fileID: 0}
  m_GameObject: {fileID: 3705346580096709502}
  serializedVersion: 2
  m_LocalRotation: {x: -0, y: -0, z: -0, w: 1}
  m_LocalPosition: {x: 0, y: -1.6, z: 0}
  m_LocalScale: {x: 1, y: 1, z: 1}
  m_ConstrainProportionsScale: 0
  m_Children: []
  m_Father: {fileID: 513742731911391541}
  m_LocalEulerAnglesHint: {x: 0, y: 0, z: 0}
--- !u!212 &2608226634050222521
SpriteRenderer:
  m_ObjectHideFlags: 0
  m_CorrespondingSourceObject: {fileID: 0}
  m_PrefabInstance: {fileID: 0}
  m_PrefabAsset: {fileID: 0}
  m_GameObject: {fileID: 3705346580096709502}
  m_Enabled: 1
  m_CastShadows: 0
  m_ReceiveShadows: 0
  m_DynamicOccludee: 1
  m_StaticShadowCaster: 0
  m_MotionVectors: 1
  m_LightProbeUsage: 1
  m_ReflectionProbeUsage: 1
  m_RayTracingMode: 0
  m_RayTraceProcedural: 0
  m_RenderingLayerMask: 1
  m_RendererPriority: 0
  m_Materials:
  - {fileID: 10754, guid: 0000000000000000f000000000000000, type: 0}
  m_StaticBatchInfo:
    firstSubMesh: 0
    subMeshCount: 0
  m_StaticBatchRoot: {fileID: 0}
  m_ProbeAnchor: {fileID: 0}
  m_LightProbeVolumeOverride: {fileID: 0}
  m_ScaleInLightmap: 1
  m_ReceiveGI: 1
  m_PreserveUVs: 0
  m_IgnoreNormalsForChartDetection: 0
  m_ImportantGI: 0
  m_StitchLightmapSeams: 1
  m_SelectedEditorRenderState: 0
  m_MinimumChartSize: 4
  m_AutoUVMaxDistance: 0.5
  m_AutoUVMaxAngle: 89
  m_LightmapParameters: {fileID: 0}
  m_SortingLayerID: 1123176295
  m_SortingLayer: 2
  m_SortingOrder: 0
  m_Sprite: {fileID: 21300000, guid: 8baedcc19bcfee347a8aef42935eac87, type: 3}
  m_Color: {r: 1, g: 1, b: 1, a: 1}
  m_FlipX: 0
  m_FlipY: 0
  m_DrawMode: 0
  m_Size: {x: 0.5, y: 0.5}
  m_AdaptiveModeThreshold: 0.5
  m_SpriteTileMode: 0
  m_WasSpriteAssigned: 1
  m_MaskInteraction: 0
  m_SpriteSortPoint: 0
--- !u!50 &2270639946074692451
Rigidbody2D:
  serializedVersion: 4
  m_ObjectHideFlags: 0
  m_CorrespondingSourceObject: {fileID: 0}
  m_PrefabInstance: {fileID: 0}
  m_PrefabAsset: {fileID: 0}
  m_GameObject: {fileID: 3705346580096709502}
  m_BodyType: 0
  m_Simulated: 1
  m_UseFullKinematicContacts: 0
  m_UseAutoMass: 0
  m_Mass: 1
  m_LinearDrag: 0
  m_AngularDrag: 0.05
  m_GravityScale: 1
  m_Material: {fileID: 0}
  m_IncludeLayers:
    serializedVersion: 2
    m_Bits: 0
  m_ExcludeLayers:
    serializedVersion: 2
    m_Bits: 0
  m_Interpolate: 0
  m_SleepingMode: 1
  m_CollisionDetection: 0
  m_Constraints: 0
--- !u!233 &4768356934633557171
HingeJoint2D:
  m_ObjectHideFlags: 0
  m_CorrespondingSourceObject: {fileID: 0}
  m_PrefabInstance: {fileID: 0}
  m_PrefabAsset: {fileID: 0}
  m_GameObject: {fileID: 3705346580096709502}
  m_Enabled: 1
  serializedVersion: 4
  m_EnableCollision: 0
  m_ConnectedRigidBody: {fileID: 3609303011592210389}
  m_BreakForce: Infinity
  m_BreakTorque: Infinity
  m_BreakAction: 3
  m_AutoConfigureConnectedAnchor: 1
  m_Anchor: {x: 0, y: 0}
  m_ConnectedAnchor: {x: 0, y: 0.8000001}
  m_UseMotor: 0
  m_Motor:
    m_MotorSpeed: 0
    m_MaximumMotorForce: 10000
  m_UseLimits: 0
  m_AngleLimits:
    m_LowerAngle: 0
    m_UpperAngle: 359
--- !u!1 &6738943040891096698
GameObject:
  m_ObjectHideFlags: 0
  m_CorrespondingSourceObject: {fileID: 0}
  m_PrefabInstance: {fileID: 0}
  m_PrefabAsset: {fileID: 0}
  serializedVersion: 6
  m_Component:
  - component: {fileID: 3069682411654728404}
  - component: {fileID: 5006427013896985741}
  - component: {fileID: 1672432348494201273}
  - component: {fileID: 8938659784402774546}
  - component: {fileID: 1718427603869099996}
  m_Layer: 0
  m_Name: Spiked Ball
  m_TagString: Untagged
  m_Icon: {fileID: 0}
  m_NavMeshLayer: 0
  m_StaticEditorFlags: 0
  m_IsActive: 1
--- !u!4 &3069682411654728404
Transform:
  m_ObjectHideFlags: 0
  m_CorrespondingSourceObject: {fileID: 0}
  m_PrefabInstance: {fileID: 0}
  m_PrefabAsset: {fileID: 0}
  m_GameObject: {fileID: 6738943040891096698}
  serializedVersion: 2
  m_LocalRotation: {x: -0, y: -0, z: -0, w: 1}
  m_LocalPosition: {x: -0, y: -3.69, z: 0}
  m_LocalScale: {x: 1, y: 1, z: 1}
  m_ConstrainProportionsScale: 0
  m_Children: []
  m_Father: {fileID: 513742731911391541}
  m_LocalEulerAnglesHint: {x: 0, y: 0, z: 0}
--- !u!212 &5006427013896985741
SpriteRenderer:
  m_ObjectHideFlags: 0
  m_CorrespondingSourceObject: {fileID: 0}
  m_PrefabInstance: {fileID: 0}
  m_PrefabAsset: {fileID: 0}
  m_GameObject: {fileID: 6738943040891096698}
  m_Enabled: 1
  m_CastShadows: 0
  m_ReceiveShadows: 0
  m_DynamicOccludee: 1
  m_StaticShadowCaster: 0
  m_MotionVectors: 1
  m_LightProbeUsage: 1
  m_ReflectionProbeUsage: 1
  m_RayTracingMode: 0
  m_RayTraceProcedural: 0
  m_RenderingLayerMask: 1
  m_RendererPriority: 0
  m_Materials:
  - {fileID: 10754, guid: 0000000000000000f000000000000000, type: 0}
  m_StaticBatchInfo:
    firstSubMesh: 0
    subMeshCount: 0
  m_StaticBatchRoot: {fileID: 0}
  m_ProbeAnchor: {fileID: 0}
  m_LightProbeVolumeOverride: {fileID: 0}
  m_ScaleInLightmap: 1
  m_ReceiveGI: 1
  m_PreserveUVs: 0
  m_IgnoreNormalsForChartDetection: 0
  m_ImportantGI: 0
  m_StitchLightmapSeams: 1
  m_SelectedEditorRenderState: 0
  m_MinimumChartSize: 4
  m_AutoUVMaxDistance: 0.5
  m_AutoUVMaxAngle: 89
  m_LightmapParameters: {fileID: 0}
  m_SortingLayerID: 1123176295
  m_SortingLayer: 2
  m_SortingOrder: 0
  m_Sprite: {fileID: 21300000, guid: 60e5d93de53da5642a38fce5925c3efa, type: 3}
  m_Color: {r: 1, g: 1, b: 1, a: 1}
  m_FlipX: 0
  m_FlipY: 0
  m_DrawMode: 0
  m_Size: {x: 1.75, y: 1.75}
  m_AdaptiveModeThreshold: 0.5
  m_SpriteTileMode: 0
  m_WasSpriteAssigned: 1
  m_MaskInteraction: 0
  m_SpriteSortPoint: 0
--- !u!50 &1672432348494201273
Rigidbody2D:
  serializedVersion: 4
  m_ObjectHideFlags: 0
  m_CorrespondingSourceObject: {fileID: 0}
  m_PrefabInstance: {fileID: 0}
  m_PrefabAsset: {fileID: 0}
  m_GameObject: {fileID: 6738943040891096698}
  m_BodyType: 0
  m_Simulated: 1
  m_UseFullKinematicContacts: 0
  m_UseAutoMass: 0
  m_Mass: 1
  m_LinearDrag: 0
  m_AngularDrag: 0.05
  m_GravityScale: 1
  m_Material: {fileID: 0}
  m_IncludeLayers:
    serializedVersion: 2
    m_Bits: 0
  m_ExcludeLayers:
    serializedVersion: 2
    m_Bits: 0
  m_Interpolate: 0
  m_SleepingMode: 1
  m_CollisionDetection: 0
  m_Constraints: 0
--- !u!58 &8938659784402774546
CircleCollider2D:
  m_ObjectHideFlags: 0
  m_CorrespondingSourceObject: {fileID: 0}
  m_PrefabInstance: {fileID: 0}
  m_PrefabAsset: {fileID: 0}
  m_GameObject: {fileID: 6738943040891096698}
  m_Enabled: 1
  m_Density: 1
  m_Material: {fileID: 0}
  m_IncludeLayers:
    serializedVersion: 2
    m_Bits: 0
  m_ExcludeLayers:
    serializedVersion: 2
    m_Bits: 0
  m_LayerOverridePriority: 0
  m_ForceSendLayers:
    serializedVersion: 2
    m_Bits: 4294967295
  m_ForceReceiveLayers:
    serializedVersion: 2
    m_Bits: 4294967295
  m_ContactCaptureLayers:
    serializedVersion: 2
    m_Bits: 4294967295
  m_CallbackLayers:
    serializedVersion: 2
    m_Bits: 4294967295
  m_IsTrigger: 1
  m_UsedByEffector: 0
  m_UsedByComposite: 0
  m_Offset: {x: 0.027319908, y: -0.019123793}
  serializedVersion: 2
  m_Radius: 0.7848457
--- !u!114 &1718427603869099996
MonoBehaviour:
  m_ObjectHideFlags: 0
  m_CorrespondingSourceObject: {fileID: 0}
  m_PrefabInstance: {fileID: 0}
  m_PrefabAsset: {fileID: 0}
  m_GameObject: {fileID: 6738943040891096698}
  m_Enabled: 1
  m_EditorHideFlags: 0
  m_Script: {fileID: 11500000, guid: 20a03a5996574b84abe44df495aee436, type: 3}
  m_Name: 
  m_EditorClassIdentifier: 
--- !u!1 &7548596593299266881
GameObject:
  m_ObjectHideFlags: 0
  m_CorrespondingSourceObject: {fileID: 0}
  m_PrefabInstance: {fileID: 0}
  m_PrefabAsset: {fileID: 0}
  serializedVersion: 6
  m_Component:
  - component: {fileID: 4184939034649438430}
  - component: {fileID: 5674411880557040651}
  - component: {fileID: 1150927409688515702}
  - component: {fileID: 1897743985297194199}
  m_Layer: 0
  m_Name: Chain
  m_TagString: Untagged
  m_Icon: {fileID: 0}
  m_NavMeshLayer: 0
  m_StaticEditorFlags: 0
  m_IsActive: 1
--- !u!4 &4184939034649438430
Transform:
  m_ObjectHideFlags: 0
  m_CorrespondingSourceObject: {fileID: 0}
  m_PrefabInstance: {fileID: 0}
  m_PrefabAsset: {fileID: 0}
  m_GameObject: {fileID: 7548596593299266881}
  serializedVersion: 2
  m_LocalRotation: {x: -0, y: -0, z: -0, w: 1}
  m_LocalPosition: {x: 0, y: -0.8, z: 0}
  m_LocalScale: {x: 1, y: 1, z: 1}
  m_ConstrainProportionsScale: 0
  m_Children: []
  m_Father: {fileID: 513742731911391541}
  m_LocalEulerAnglesHint: {x: 0, y: 0, z: 0}
--- !u!212 &5674411880557040651
SpriteRenderer:
  m_ObjectHideFlags: 0
  m_CorrespondingSourceObject: {fileID: 0}
  m_PrefabInstance: {fileID: 0}
  m_PrefabAsset: {fileID: 0}
  m_GameObject: {fileID: 7548596593299266881}
  m_Enabled: 1
  m_CastShadows: 0
  m_ReceiveShadows: 0
  m_DynamicOccludee: 1
  m_StaticShadowCaster: 0
  m_MotionVectors: 1
  m_LightProbeUsage: 1
  m_ReflectionProbeUsage: 1
  m_RayTracingMode: 0
  m_RayTraceProcedural: 0
  m_RenderingLayerMask: 1
  m_RendererPriority: 0
  m_Materials:
  - {fileID: 10754, guid: 0000000000000000f000000000000000, type: 0}
  m_StaticBatchInfo:
    firstSubMesh: 0
    subMeshCount: 0
  m_StaticBatchRoot: {fileID: 0}
  m_ProbeAnchor: {fileID: 0}
  m_LightProbeVolumeOverride: {fileID: 0}
  m_ScaleInLightmap: 1
  m_ReceiveGI: 1
  m_PreserveUVs: 0
  m_IgnoreNormalsForChartDetection: 0
  m_ImportantGI: 0
  m_StitchLightmapSeams: 1
  m_SelectedEditorRenderState: 0
  m_MinimumChartSize: 4
  m_AutoUVMaxDistance: 0.5
  m_AutoUVMaxAngle: 89
  m_LightmapParameters: {fileID: 0}
  m_SortingLayerID: 1123176295
  m_SortingLayer: 2
  m_SortingOrder: 0
  m_Sprite: {fileID: 21300000, guid: 8baedcc19bcfee347a8aef42935eac87, type: 3}
  m_Color: {r: 1, g: 1, b: 1, a: 1}
  m_FlipX: 0
  m_FlipY: 0
  m_DrawMode: 0
  m_Size: {x: 0.5, y: 0.5}
  m_AdaptiveModeThreshold: 0.5
  m_SpriteTileMode: 0
  m_WasSpriteAssigned: 1
  m_MaskInteraction: 0
  m_SpriteSortPoint: 0
--- !u!50 &1150927409688515702
Rigidbody2D:
  serializedVersion: 4
  m_ObjectHideFlags: 0
  m_CorrespondingSourceObject: {fileID: 0}
  m_PrefabInstance: {fileID: 0}
  m_PrefabAsset: {fileID: 0}
  m_GameObject: {fileID: 7548596593299266881}
  m_BodyType: 0
  m_Simulated: 1
  m_UseFullKinematicContacts: 0
  m_UseAutoMass: 0
  m_Mass: 1
  m_LinearDrag: 0
  m_AngularDrag: 0.05
  m_GravityScale: 1
  m_Material: {fileID: 0}
  m_IncludeLayers:
    serializedVersion: 2
    m_Bits: 0
  m_ExcludeLayers:
    serializedVersion: 2
    m_Bits: 0
  m_Interpolate: 0
  m_SleepingMode: 1
  m_CollisionDetection: 0
  m_Constraints: 0
--- !u!233 &1897743985297194199
HingeJoint2D:
  m_ObjectHideFlags: 0
  m_CorrespondingSourceObject: {fileID: 0}
  m_PrefabInstance: {fileID: 0}
  m_PrefabAsset: {fileID: 0}
  m_GameObject: {fileID: 7548596593299266881}
  m_Enabled: 1
  serializedVersion: 4
  m_EnableCollision: 0
  m_ConnectedRigidBody: {fileID: 2270639946074692451}
  m_BreakForce: Infinity
  m_BreakTorque: Infinity
  m_BreakAction: 3
  m_AutoConfigureConnectedAnchor: 1
  m_Anchor: {x: 0, y: 0}
  m_ConnectedAnchor: {x: 0, y: 0.8000001}
  m_UseMotor: 0
  m_Motor:
    m_MotorSpeed: 0
    m_MaximumMotorForce: 10000
  m_UseLimits: 0
  m_AngleLimits:
    m_LowerAngle: 0
    m_UpperAngle: 359
--- !u!1 &8629881217568329584
GameObject:
  m_ObjectHideFlags: 0
  m_CorrespondingSourceObject: {fileID: 0}
  m_PrefabInstance: {fileID: 0}
  m_PrefabAsset: {fileID: 0}
  serializedVersion: 6
  m_Component:
  - component: {fileID: 8462151567802680148}
  - component: {fileID: 5290715179211301774}
  - component: {fileID: 3609303011592210389}
  - component: {fileID: 4192947197639364700}
  m_Layer: 0
  m_Name: Chain_2
  m_TagString: Untagged
  m_Icon: {fileID: 0}
  m_NavMeshLayer: 0
  m_StaticEditorFlags: 0
  m_IsActive: 1
--- !u!4 &8462151567802680148
Transform:
  m_ObjectHideFlags: 0
  m_CorrespondingSourceObject: {fileID: 0}
  m_PrefabInstance: {fileID: 0}
  m_PrefabAsset: {fileID: 0}
  m_GameObject: {fileID: 8629881217568329584}
  serializedVersion: 2
  m_LocalRotation: {x: -0, y: -0, z: -0, w: 1}
  m_LocalPosition: {x: 0, y: -2.4, z: 0}
  m_LocalScale: {x: 1, y: 1, z: 1}
  m_ConstrainProportionsScale: 0
  m_Children: []
  m_Father: {fileID: 513742731911391541}
  m_LocalEulerAnglesHint: {x: 0, y: 0, z: 0}
--- !u!212 &5290715179211301774
SpriteRenderer:
  m_ObjectHideFlags: 0
  m_CorrespondingSourceObject: {fileID: 0}
  m_PrefabInstance: {fileID: 0}
  m_PrefabAsset: {fileID: 0}
  m_GameObject: {fileID: 8629881217568329584}
  m_Enabled: 1
  m_CastShadows: 0
  m_ReceiveShadows: 0
  m_DynamicOccludee: 1
  m_StaticShadowCaster: 0
  m_MotionVectors: 1
  m_LightProbeUsage: 1
  m_ReflectionProbeUsage: 1
  m_RayTracingMode: 0
  m_RayTraceProcedural: 0
  m_RenderingLayerMask: 1
  m_RendererPriority: 0
  m_Materials:
  - {fileID: 10754, guid: 0000000000000000f000000000000000, type: 0}
  m_StaticBatchInfo:
    firstSubMesh: 0
    subMeshCount: 0
  m_StaticBatchRoot: {fileID: 0}
  m_ProbeAnchor: {fileID: 0}
  m_LightProbeVolumeOverride: {fileID: 0}
  m_ScaleInLightmap: 1
  m_ReceiveGI: 1
  m_PreserveUVs: 0
  m_IgnoreNormalsForChartDetection: 0
  m_ImportantGI: 0
  m_StitchLightmapSeams: 1
  m_SelectedEditorRenderState: 0
  m_MinimumChartSize: 4
  m_AutoUVMaxDistance: 0.5
  m_AutoUVMaxAngle: 89
  m_LightmapParameters: {fileID: 0}
  m_SortingLayerID: 1123176295
  m_SortingLayer: 2
  m_SortingOrder: 0
  m_Sprite: {fileID: 21300000, guid: 8baedcc19bcfee347a8aef42935eac87, type: 3}
  m_Color: {r: 1, g: 1, b: 1, a: 1}
  m_FlipX: 0
  m_FlipY: 0
  m_DrawMode: 0
  m_Size: {x: 0.5, y: 0.5}
  m_AdaptiveModeThreshold: 0.5
  m_SpriteTileMode: 0
  m_WasSpriteAssigned: 1
  m_MaskInteraction: 0
  m_SpriteSortPoint: 0
--- !u!50 &3609303011592210389
Rigidbody2D:
  serializedVersion: 4
  m_ObjectHideFlags: 0
  m_CorrespondingSourceObject: {fileID: 0}
  m_PrefabInstance: {fileID: 0}
  m_PrefabAsset: {fileID: 0}
  m_GameObject: {fileID: 8629881217568329584}
  m_BodyType: 0
  m_Simulated: 1
  m_UseFullKinematicContacts: 0
  m_UseAutoMass: 0
  m_Mass: 1
  m_LinearDrag: 0
  m_AngularDrag: 0.05
  m_GravityScale: 1
  m_Material: {fileID: 0}
  m_IncludeLayers:
    serializedVersion: 2
    m_Bits: 0
  m_ExcludeLayers:
    serializedVersion: 2
    m_Bits: 0
  m_Interpolate: 0
  m_SleepingMode: 1
  m_CollisionDetection: 0
  m_Constraints: 0
--- !u!233 &4192947197639364700
HingeJoint2D:
  m_ObjectHideFlags: 0
  m_CorrespondingSourceObject: {fileID: 0}
  m_PrefabInstance: {fileID: 0}
  m_PrefabAsset: {fileID: 0}
  m_GameObject: {fileID: 8629881217568329584}
  m_Enabled: 1
  serializedVersion: 4
  m_EnableCollision: 0
  m_ConnectedRigidBody: {fileID: 1672432348494201273}
  m_BreakForce: Infinity
  m_BreakTorque: Infinity
  m_BreakAction: 3
  m_AutoConfigureConnectedAnchor: 1
  m_Anchor: {x: 0, y: 0}
  m_ConnectedAnchor: {x: 0, y: 1.29}
  m_UseMotor: 0
  m_Motor:
    m_MotorSpeed: 0
    m_MaximumMotorForce: 10000
  m_UseLimits: 0
  m_AngleLimits:
    m_LowerAngle: 0
    m_UpperAngle: 359
